@inproceedings{ChisnallCPDP11,
    author = {Chisnall, David and Rothwell, Colin and Davis, Brooks and Watson, Robert N. M. and Woodruff, Jonathan and Moore, Simon W. and Neumann, Peter G. and Roe, Michael},
    location = {Istanbul, Turkey},
    publisher = {ACM},
    booktitle = {Proceedings of the Twentieth International Conference on Architectural Support for Programming Languages and Operating Systems},
    date = {2015},
    keywords = {C,memory safety,memory models,code generation},
    series = {ASPLOS '15},
    title = {Beyond the {PDP}-11: Architectural support for a memory-safe C abstract machine},
}

@inproceedings{davis2019:cheriabi,
    author = {Davis, Brooks and Watson, Robert N. M. and Richardson, Alexander and Neumann, Peter and Moore, Simon and Baldwin, John and Chisnall, David and Clarke, James and Filardo, Nathaniel Wesley and Gudka, Khilan and Joannou, Alexandre and Laurie, Ben and Markettos, A. Theodore and Maste, Ed and Mazzinghi, Alfredo and Napierala, Edward Tomasz and Norton, Robert and Roe, Michael and Sewell, Peter and Son, Stacey and Woodruff, Jonathan},
    booktitle = {Proceedings of the 24nd ACM International Conference on Architectural Support for Programming Languages and Operating Systems (ASPLOS 2019)},
    date = {2019-04},
    title = {{CheriABI}: Enforcing Valid Pointer Provenance and Minimizing Pointer Privilege in the {POSIX} {C} Run-time Environment},
}

@report{UCAM-CL-TR-932,
    author = {Davis, Brooks and Watson, Robert N. M. and Richardson, Alexander and Neumann, Peter G. and Moore, Simon W. and Baldwin, John and Chisnall, David and Clarke, Jessica and Filardo, Nathaniel Wesley and Gudka, Khilan and Joannou, Alexandre and Laurie, Ben and Markettos, A. Theodore and Maste, J. Edward and Mazzinghi, Alfredo and Napierala, Edward Tomasz and Norton, Robert M. and Roe, Michael and Sewell, Peter and Son, Stacey and Woodruff, Jonathan},
    institution = {University of Cambridge, Computer Laboratory},
    url = {https://www.cl.cam.ac.uk/techreports/UCAM-CL-TR-932.pdf},
    date = {2019-04},
    number = {UCAM-CL-TR-932},
    title = {{CheriABI: Enforcing valid pointer provenance and minimizing pointer privilege in the POSIX C run-time environment}},
    type = {techreport},
}

@inproceedings{filardo:cornucopia,
    author = {Filardo, Nathaniel Wesley and Gutstein, Brett F. and Woodruff, Jonathan and Ainsworth, Sam and Paul-Trifu, Lucian and Davis, Brooks and Xia, Hongyan and Napierala, Edward Tomasz and Richardson, Alexander and Baldwin, John and Chisnall, David and Clarke, Jessica and Gudka, Khilan and Joannou, Alexandre and Markettos, A. Theodore and Mazzinghi, Alfredo and Norton, Robert M. and Roe, Michael and Sewell, Peter and Son, Stacey and Jones, Timothy M. and Moore, Simon W. and Neumann, Peter G. and Watson, Robert N. M.},
    location = {Los Alamitos, CA, USA},
    publisher = {IEEE Computer Society},
    url = {https://www.cl.cam.ac.uk/research/security/ctsrd/pdfs/2020oakland-cornucopia.pdf},
    booktitle = {2020 IEEE Symposium on Security and Privacy (SP)},
    date = {2020-05},
    doi = {10.1109/SP40000.2020.00098},
    issn = {2375-1207},
    pages = {1507--1524},
    title = {Cornucopia: Temporal Safety for CHERI Heaps},
}

@inproceedings{cerberus-popl2019,
    author = {Memarian, Kayvan and Gomes, Victor B. F. and Davis, Brooks and Kell, Stephen and Richardson, Alexander and Watson, Robert N. M. and Sewell, Peter},
    booktitle = {\textbf{POPL 2019}: Proc. 46th ACM SIGPLAN Symposium on Principles of Programming Languages},
    date = {2019-01},
    doi = {10.1145/3290380},
    file = {http://www.cl.cam.ac.uk/users/pes20/cerberus/cerberus-popl2019.pdf},
    note = {Proc. ACM Program. Lang. 3, POPL, Article 67},
    title = {Exploring {C} Semantics and Pointer Provenance},
}

@report{UCAM-CL-TR-941,
    author = {Watson, Robert N. M. and Moore, Simon W. and Sewell, Peter and Neumann, Peter G.},
    institution = {University of Cambridge, Computer Laboratory},
    url = {https://www.cl.cam.ac.uk/techreports/UCAM-CL-TR-941.pdf},
    date = {2019-09},
    number = {UCAM-CL-TR-941},
    title = {{An Introduction to CHERI}},
    type = {techreport},
}

@report{UCAM-CL-TR-927,
    author = {Watson, Robert N. M. and Neumann, Peter G. and Woodruff, Jonathan and Roe, Michael and Almatary, Hesham and Anderson, Jonathan and Baldwin, John and Chisnall, David and Davis, Brooks and Filardo, Nathaniel Wesley and Joannou, Alexandre and Laurie, Ben and Markettos, A. Theodore and Moore, Simon W. and Murdoch, Steven J. and Nienhuis, Kyndylan and Norton, Robert and Richardson, Alex and Rugg, Peter and Sewell, Peter and Son, Stacey and Xia, Hongyan},
    institution = {University of Cambridge, Computer Laboratory},
    url = {https://www.cl.cam.ac.uk/techreports/UCAM-CL-TR-927.pdf},
    date = {2019-06},
    number = {UCAM-CL-TR-927},
    title = {{Capability Hardware Enhanced RISC Instructions: CHERI Instruction-Set Architecture (Version 7)}},
    type = {techreport},
}

@article{Woodruff2019,
    author = {Woodruff, Jonathan and Joannou, Alexandre and Xia, Hongyan and Fox, Anthony and Norton, Robert and Bauereiss, Thomas and Chisnall, David and Davis, Brooks and Gudka, Khilan and Filardo, Nathaniel W. and Markettos, A. Theodore and Roe, Michael and Neumann, Peter G. and Watson, Robert N. M. and Moore, Simon W.},
    publisher = {IEEE},
    date = {2019},
    doi = {10.1109/TC.2019.2914037},
    journaltitle = {IEEE Transactions on Computers},
    title = {{CHERI} {C}oncentrate: Practical Compressed Capabilities},
}

@inproceedings{Xia_CHERIvokeCharacterisingPointer_2019,
    author = {Xia, Hongyan and Woodruff, Jonathan and Ainsworth, Sam and Filardo, Nathaniel W. and Roe, Michael and Richardson, Alexander and Rugg, Peter and Neumann, Peter G. and Moore, Simon W. and Watson, Robert N. M. and Jones, Timothy M.},
    booktitle = {Proceedings of the 52nd {{IEEE}}/{{ACM International Symposium}} on {{Microarchitecture}} ({{IEEE MICRO}} 2019)},
    date = {2019-10},
    langid = {english},
    pages = {to appear},
    series = {{{MICRO}}-52 '17},
    shorttitle = {{{CHERIvoke}}},
    title = {{{CHERIvoke}}: {{Characterising Pointer Revocation}} Using {{CHERI Capabilities}} for {{Temporal Memory Safety}}},
    venue = {Columbus, Ohio, USA},
}

